@article{ILeT,
	author = {{D}e {I}nspectie {L}eefomgeving en {T}ransport},
	title = {},
	journal = {2018-12-03 Aircraft registrations},
	year = {2018},
	month = {oktober},
	day = {3},
	url = {https://www.ilent.nl/documenten/publicaties/2018/07/05/luchtvaartuigregister},
	urldate = {4 februari 2019}
}
@misc{aantalDrones,
	author={{\VAN{Jager}{de}{De}} Jager, Wiebe},
	title = {},
	journal = {Aantal zakelijke drones in Nederland in half jaar verdubbeld},
	year = {2017},
	month = {juni},
	day = {1},
	url = {https://www.dronewatch.nl/2017/06/01/aantal-zakelijke-drones-in-nederland-in-half-jaar-verdubbeld/},
	urldate = {4 februari 2019}
}
@misc{HoePVA,
	author = {{P}raktijkbureau {ICA}},
	title = {Toelichting op {P}v{A} 3.0},
	journal = {Hoe kom je tot een goed plan van aanpak en wat moet erin staan? Versie 3.0},
	year = {2018},
	month = {augustus},
	day = {},
	url = {https://onderwijsonline.han.nl/elearning/lesson/lNXwOpzq},
	urldate = {4 februari 2019}
}
@misc{james,
	author = {Michael James},
	title = {Scrum Effort Estimation and Story Points},
	journal = {},
	year = {2016},
	month = {november},
	day = {21},
	url = {http://scrummethodology.com/scrum-effort-estimation-and-story-points/},
	urldate = {7 februari 2019}
}
@misc{RUPwim,
	author={{\VAN{Einde}{van 't}{Van 't}} Einde, Wim},
	title = {Rational Unified Process (RUP)},
	journal = {},
	year = {},
	month = {},
	day = {},
	url = {http://www.wimvanteinde.nl/index.php?option=com_content&task=view&id=413},
	urldate = {7 februari 2019}
}
@book{RUP,
	author = {Remi-Armand Collaris  and Eef Dekker},
	title = {RUP op maat- Agile met RP, Scrum en Prince2},
	year = {2011},
	edition = {3},
	publisher = {Sdu Uitgevers bv.},
	address = {Den Haag, Nederland},
	isbn = {9789012581967},
}

