@misc{ILeT,
	author = {{D}e {I}nspectie {L}eefomgeving en {T}ransport},
	title = {2018-12-03 Aircraft registrations},
	journal = {},
	year = {2018},
	month = {oktober},
	day = {3},
	url = {https://www.ilent.nl/documenten/publicaties/2018/07/05/luchtvaartuigregister},
	urldate = {4 februari 2019}
}
@misc{aantalDrones,
	author={{\VAN{Jager}{De}{de}} Jager, Wiebe},
	title = {Aantal zakelijke drones in Nederland in half jaar verdubbeld},
	journal = {},
	year = {2017},
	month = {juni},
	day = {1},
	url = {https://www.dronewatch.nl/2017/06/01/aantal-zakelijke-drones-in-nederland-in-half-jaar-verdubbeld/},
	urldate = {4 februari 2019}
}

@inbook{grit,
	author = {Grit, R},
	title = {Project management},
	publisher = {Noordhoff Uitgevers},
	year = {2011},
	address = {Groningen/Houten},
	pages = {40}
}

@misc{HANfeed,
	author={{ICA Praktijkbureau}},
	title = {Feedbackformulier projectplan afstuderen 2017-2018 profielenmodel},
	journal = {},
	year = {2017},
	month = {juli},
	day = {6},
	url = {https://onderwijsonline.han.nl/elearning/lesson/lNXwOpzq},
	urldate = {4 februari 2019}
}
@article{LMR,
	author = {S. A. Hamatta, Hatem and Bokhari, Mohammad and Siddiqui, Shams},
	year = {2014},
	month = {10},
	pages = {11-14},
	title = {Protocols in Mobile Ad-Hoc Networks: A Review},
	volume = {7},
	journal = {International Journal of Applied Information Systems (IJAIS)},
	doi = {10.5120/ijais14-451236}
}

@misc{ignitionVector,
	author={{Open Source Robotics Foundation}},
	title = {Ignition: ignition::math::Vector3< T > Class Template Reference},
	journal = {},
	year = {2014},
	url = {https://osrf-distributions.s3.amazonaws.com/ign-math/api/1.0.0/classignition_1_1math_1_1Vector3.html#aac4d64d44e9b7b3b810a2cdf530ce8d3},
	urldate = {7 juni 2019}
}