@inbook{MethodenKaart,
	author = {{\VAN{Turnhout}{Van}{van}} Turnhout, Koen and Craenmehr, Sabine and Holwerda, Robert and Menijn, Mike and Zwart, Jan and Bakker, Ren√©},
	chapter = {De methodenkaart praktijkonderzoek},
	title = {De informatieprofessional 3.0},
	year = {2014},
	month = {september},
	publisher = {Academic Service BV},
	address = {Den Haag, Nederland},
	pages = {163-174},
	isbn = {EAN: 9789462450295},
	url =  {https://www.researchgate.net/publication/272421605_De_methodenkaart_praktijkonderzoek },
	urldate = {11 februari 2019}
}
@article{IBMrup,
	author = {Mark Aked},
	title = {},
	journal = {Risk reduction with the RUP phase plan},
	year = {2003},
	month = {november},
	day = {25},
	url = {https://www.ibm.com/developerworks/rational/library/1826.html},
	urldate = {12 februari 2019}
}
@inbook{ICAoates,
author = {Briony J Oates},
title = {Researching Information Systems and Computing},
journal = {},
year = {2005},
month = {november},
day = {},
publisher = {Sage Publications Inc},
isbn = {9781412902243}
}

@inbook{CMDmethod,
author = {{\VAN{Turnhout}{Van}{van}} Turnhout, Koen and Charlie Mulholland and Irene Kamp and Marjolein Jacobs and Andre Neumann and Sonja Rouwhorst and {\VAN{Vlies}{Van der}{van der}} Vlies, Laura },
title = {CMD Methods Pack: Find a combination of research methods that suit your needs.},
journal = {},
year = {},
month = {},
day = {},
publisher = {HAN University of Applied Sciences - Amsterdam University of Applied Sciences},
address = {Nederland},
isbn = {9990002057946},
url = {http://cmdmethods.nl}
}
@article{RobotCompare,
	author = {Pitonakova, L. and Giuliani, M. and Pipe, A. and Winfield, A.},
	title = {Feature and performance comparison of the V-REP, Gazebo and ARGoS robot simulators.},
	journal = {Proceedings of the 19th Towards Autonomous Robotic Systems Conference (TAROS 2018)},
	year = {2018},
	month = {januari},
	publisher = {Bristol Robotics Laboratory, University of the West of England},
	address = {Bristol, Engeland},
	day = {},
	url = {http://lenkaspace.net/tutorials/programming/robotSimulatorsComparison},
	urldate = {19 februari 2019}
}





