@misc{template:srs,
	author = {{\VAN{Heesch}{Van}{van}} Heesch, Uwe},
	title = {Software Requirements Specification Template},
	journal = {},
	year = {2016},
	month = {september},
	day = {21}
}







