@misc{template:sdd,
	author = {{\VAN{Heesch}{Van}{van}} Heesch, Uwe},
	title = {Software Design Description Template},
	journal = {},
	year = {2016},
	month = {september},
	day = {23}
}







